
@inproceedings { 417,
	title = {End-to-End Scene Text Recognition},
	booktitle = {IEEE International Conference on Computer Vision (ICCV)},
	year = {2011},
	address = {Barcelona, Spain},
	author = {Kai Wang and Boris Babenko and Serge Belongie}
}

@inproceedings { 371,
	title = {Word Spotting in the Wild},
	booktitle = {European Conference on Computer Vision (ECCV)},
	year = {2010},
	month = {Sept.},
	address = {Heraklion, Crete},
	author = {Kai Wang and Serge Belongie}
}

@inproceedings { 271,
	title = {Enforcing similarity constraints with integer programming for better scene text recognition},
	booktitle = {IEEE Conference on Computer Vision and Pattern Recognition (CVPR)},
	year = {2011},
	author = {David L. Smith and Jacqueline Feild and Erik Learned-Miller.}
}

@inproceedings{ 111,
  author    = "Mishra, A. and Alahari, K. and Jawahar, C.~V.",
  title     = "Top-Down and Bottom-Up Cues for Scene Text Recognition",
  booktitle = "Proceedings of IEEE Conference on Computer Vision and Pattern Recognition",
  year      = "2012"
}

@inproceedings{ 112,
  author    = "Mustafa Ozuysal and Pascal Fua and Vincent Lepetit.",
  title     = "Fast keypoint recognition in ten lines of code",
  booktitle = "Proceedings of IEEE Conference on Computer Vision and Pattern Recognition",
  year      = "2007"
}

@InProceedings{ 113,
  author       = "Bosch, A. and Zisserman, A. and Munoz, X.",
  title        = "Image Classification using Random Forests and Ferns.",
  booktitle    = "IEEE International Conference on Computer Vision",
  year         = "2007",
}

@inproceedings{ 114,
  author    = "J. Shotton and M. Johnson and R. Cipolla.",
  title     = "Semantic Texton Forests for Image Categorization and Segmentation.",
  booktitle = "Proceedings of IEEE Conference on Computer Vision and Pattern Recognition",
  year      = "2008"
}

@INPROCEEDINGS{ 115,
    author = {Navneet Dalal and Bill Triggs},
    title = {Histograms of Oriented Gradients for Human Detection},
    booktitle = "Proceedings of IEEE Conference on Computer Vision and Pattern Recognition",
    year = {2005},
    pages = {886--893}
}

@misc{ 116,
 author = "Felzenszwalb, P. F. and Girshick, R. B. and McAllester, D.",
 title = "Discriminatively Trained Deformable Part Models, Release 4",
 howpublished = "http://people.cs.uchicago.edu/~pff/latent-release4/"
}

@conference{117,
author = "T E deCampos and B R Babu and M Varma",
title = "Character Recognition in Natural Images",
booktitle = "Proceedings of the International Conference on Computer Vision Theory and Applications",
year = "2009",
month = "February",
address = "Lisbon, Portugal",
url = "http://www.ee.surrey.ac.uk/CVSSP/demos/chars74k/",
psurl = "<a href="http://www.ee.surrey.ac.uk/CVSSP/Publications/papers/deCampos-VISAPP-2009.pdf">PDF</a>",
owner = "td0005",
}

@inproceedings { 118,
	title = {Enforcing similarity constraints with integer programming for better scene text recognition},
	booktitle = {Proceedings of IEEE Conference on Computer Vision and Pattern Recognition},
	year = {2011},
	author = {David L. Smith and Jacqueline Feild and Erik Learned-Miller.}
}

@inproceedings { 119,
	title = {Real-Time Scene Text Localization and Recognition},
	booktitle = {Proceedings of IEEE Conference on Computer Vision and Pattern Recognition},
	year = {2012},
	author = {Neumann, Luk{\' \a}{\v s} and Matas, Ji{\v r}{\' \i}}
}

 @InProceedings{ 120,
  author =     {Neumann, Luk\'{a}\v{s} and Matas, Ji\v{r}\'{\i}},
  title =      {A method for text localization and recognition in real-world images},
  year =       {2010},
  booktitle =  {ACCV 2010: Proceedings of the 10th Asian Conference on Computer Vision},
}

@inproceedings{ 121,
title = {Reading Digits in Natural Images with Unsupervised Feature Learning},
author  = {Yuval Netzer and Tao Wang and Adam Coates and Alessandro Bissacco and Bo Wu and Andrew Y. Ng},
year  = 2011,
booktitle = {NIPS Workshop on Deep Learning and Unsupervised Feature Learning 2011}
}
